@unpublished{demosaic_alg,
  author = {Rami Cohen},
  title = {Demosaicing Algorithms},
  year = {2010},
  month = {August},
}

@unpublished{demosaic_army,
  author = {Robert A. Maschal Jr. and
            S. Susan Young and
            Joe Reynolds and
            Keith Krapels and
            Jonathan Fanning and
            Ted Corbin},
  title = {Review of {Bayer} Pattern Color Filter Array ({CFA}) -
           {Demosaicing} with New Quality Assessment Algorithms},
  year = {2010},
  month = {January},
}
